
@article{rosmann2017integrated,
  title={Integrated online trajectory planning and optimization in distinctive topologies},
  author={R{\"o}smann, Christoph and Hoffmann, Frank and Bertram, Torsten},
  journal={Robotics and Autonomous Systems},
  volume={88},
  pages={142--153},
  year={2017},
  publisher={Elsevier}
}

@inproceedings{ranganeni2018effective,
  title={Effective footstep planning for humanoids using homotopy-class guidance},
  author={Ranganeni, Vinitha and Salzman, Oren and Likhachev, Maxim},
  booktitle={Proceedings of the International Conference on Automated Planning and Scheduling},
  volume={28},
  pages={500--508},
  year={2018}
}


@misc{dosl,
     title = {Discrete Optimal Search Library (DOSL): A template-based C++ library for discrete optimal search},
     author = {Subhrajit Bhattacharya},
     note = {Available at https://github.com/subh83/DOSL },
     url = { https://github.com/subh83/DOSL },
     year = {2017}
}

@inproceedings{kim2021topology,
  title={Topology-guided path planning for reliable visual navigation of MAVs},
  author={Kim, Dabin and Kim, Gyeong Chan and Jang, Youngseok and Kim, H Jin},
  booktitle={2021 IEEE/RSJ International Conference on Intelligent Robots and Systems (IROS)},
  pages={3117--3124},
  year={2021},
  organization={IEEE}
}

@inproceedings{bhattacharya2010search,
  title={Search-based path planning with homotopy class constraints},
  author={Bhattacharya, Subhrajit},
  booktitle={Proceedings of the AAAI conference on artificial intelligence},
  volume={24},
  number={1},
  pages={1230--1237},
  year={2010}
}

@inproceedings{bhattacharya2012search,
  title={Search-based path planning with homotopy class constraints in 3D},
  author={Bhattacharya, Subhrajit and Likhachev, Maxim and Kumar, Vijay},
  booktitle={Proceedings of the AAAI Conference on Artificial Intelligence},
  volume={26},
  number={1},
  pages={2097--2099},
  year={2012}
}

@article{bhattacharya2012topological,
  title={Topological constraints in search-based robot path planning},
  author={Bhattacharya, Subhrajit and Likhachev, Maxim and Kumar, Vijay},
  journal={Autonomous Robots},
  volume={33},
  pages={273--290},
  year={2012},
  publisher={Springer}
}

@inproceedings{kim2012optimal,
  title={Optimal trajectory generation under homology class constraints},
  author={Kim, Soonkyum and Sreenath, Koushil and Bhattacharya, Subhrajit and Kumar, Vijay},
  booktitle={2012 IEEE 51st IEEE Conference on Decision and Control (CDC)},
  pages={3157--3164},
  year={2012},
  organization={IEEE}
}

@inproceedings{kuderer2014online,
  title={Online generation of homotopically distinct navigation paths},
  author={Kuderer, Markus and Sprunk, Christoph and Kretzschmar, Henrik and Burgard, Wolfram},
  booktitle={2014 IEEE International Conference on Robotics and Automation (ICRA)},
  pages={6462--6467},
  year={2014},
  organization={IEEE}
}

@inproceedings{yi2017topology,
  title={Topology-aware RRT* for parallel optimal sampling in topologies},
  author={Yi, Daqing and Goodrich, Michael A and Howard, Thomas M and Seppi, Kevin D},
  booktitle={2017 IEEE International Conference on Systems, Man, and Cybernetics (SMC)},
  pages={513--518},
  year={2017},
  organization={IEEE}
}

@article{palmieri2015fast,
  title={A fast randomized method to find homotopy classes for socially-aware navigation},
  author={Palmieri, Luigi and Rudenko, Andrey and Arras, Kai O},
  journal={arXiv preprint arXiv:1510.08233},
  year={2015}
}

@article{yen1971finding,
  title={Finding the k shortest loopless paths in a network},
  author={Yen, Jin Y},
  journal={management Science},
  volume={17},
  number={11},
  pages={712--716},
  year={1971},
  publisher={Informs}
}

@article{mccammon2021topological,
  title={Topological path planning for autonomous information gathering},
  author={McCammon, Seth and Hollinger, Geoffrey A},
  journal={Autonomous Robots},
  volume={45},
  pages={821--842},
  year={2021},
  publisher={Springer}
}

@article{rice2020multi,
  title={Multi-homotopy class optimal path planning for manipulation with one degree of redundancy},
  author={Rice, Jacob J and Schimmels, Joseph M},
  journal={Mechanism and Machine Theory},
  volume={149},
  pages={103834},
  year={2020},
  publisher={Elsevier}
}
@article{yao2021tangent,
  title={Tangent Based-Path Path Planning with Distinctive Topologies in a Dynamic Environment},
  author={Yao, Zhuo},
  year={2021},
  publisher={Preprints},
  organization={Preprints}
}
@article{pearl1982studies,
  title={Studies in semi-admissible heuristics},
  author={Pearl, Judea and Kim, Jin H},
  journal={IEEE transactions on pattern analysis and machine intelligence},
  number={4},
  pages={392--399},
  year={1982},
  publisher={IEEE}
}
@article{liu1991proposal,
  title={Proposal of tangent graph and extended tangent graph for path planning of mobile robots},
  author={Liu, Y-H and Arimoto, Suguru},
  booktitle={Proceedings. 1991 IEEE International Conference on Robotics and Automation},
  pages={312--317},
  year={1991},
  organization={IEEE}
}


@article{liu1992path,
  title={Path planning using a tangent graph for mobile robots among polygonal and curved obstacles: Communication},
  author={Liu, Yun-Hui and Arimoto, Suguru},
  journal={The International Journal of Robotics Research},
  volume={11},
  number={4},
  pages={376--382},
  year={1992},
  publisher={Sage Publications Sage CA: Thousand Oaks, CA}
}

@article{sturtevant2012benchmarks,
  title={Benchmarks for Grid-Based Pathfinding},
  author={Sturtevant, N.},
  journal={Transactions on Computational Intelligence and AI in Games},
  volume={4},
  number={2},
  pages={144 -- 148},
  year={2012},
  url = {http://web.cs.du.edu/~sturtevant/papers/benchmarks.pdf},
}

@article{yao2019reinforcedrimjump,
  title={ReinforcedRimJump: Tangent-based shortest-path planning for two-dimensional maps},
  author={Yao, Zhuo and Zhang, Weimin and Shi, Yongliang and Li, Mingzhu and Liang, Zhenshuo and Huang, Qiang},
  journal={IEEE Transactions on Industrial Informatics},
  year={2019},
  publisher={IEEE}
}

@inproceedings{oh2017edge,
  title={Edge n-level sparse visibility graphs: Fast optimal any-angle pathfinding using hierarchical taut paths},
  author={Oh, Shunhao and Leong, Hon Wai},
  booktitle={Tenth Annual Symposium on Combinatorial Search},
  year={2017}
}

@inproceedings{schwager2011multi,
  title={Multi-robot mapping and exploration of environments with hazards},
  author={Schwager, Mac and Dames, Philip and Kumar, Vijay and Rus, Daniela},
  booktitle={RSS 2011 workshop on 3D exploration, mapping, and surveillance with aerial robots},
  year={2011}
}

@inproceedings{bourgault2002information,
  title={Information based adaptive robotic exploration},
  author={Bourgault, Frederic and Makarenko, Alexei A and Williams, Stefan B and Grocholsky, Ben and Durrant-Whyte, Hugh F},
  booktitle={IEEE/RSJ international conference on intelligent robots and systems},
  volume={1},
  pages={540--545},
  year={2002},
  organization={IEEE}
}

@article{katoh1982efficient,
  title={An efficient algorithm for k shortest simple paths},
  author={Katoh, Naoki and Ibaraki, Toshihide and Mine, Hisashi},
  journal={Networks},
  volume={12},
  number={4},
  pages={411--427},
  year={1982},
  publisher={Wiley Online Library}
}

@ARTICLE{10266687,

  author={Yao, Zhuo and Wang, Wei and Zhang, Jiadong and Wang, Yan and Li, Jinjiang},

  journal={IEEE Robotics and Automation Letters}, 

  title={Jump Over Block (JOB): An Efficient Line-of-Sight Checker for Grid/Voxel Maps With Sparse Obstacles}, 

  year={2023},

  volume={8},

  number={11},

  pages={7575-7582},

  keywords={Path planning;Line-of-sight propagation;Partitioning algorithms;Planning;Collision avoidance;Toy manufacturing industry;Surface treatment;Collision avoidance;computational geometry;motion and path planning},

  doi={10.1109/LRA.2023.3320435}}

@article{yi2018model,
  title={Model predictive trajectory planning for automated driving},
  author={Yi, Boliang and Bender, Philipp and Bonarens, Frank and Stiller, Christoph},
  journal={IEEE Transactions on Intelligent Vehicles},
  volume={4},
  number={1},
  pages={24--38},
  year={2018},
  publisher={IEEE}
}

@inproceedings{kolur2019online,
  title={Online motion planning over multiple homotopy classes with Gaussian process inference},
  author={Kolur, Keshav and Chintalapudi, Sahit and Boots, Byron and Mukadam, Mustafa},
  booktitle={2019 IEEE/RSJ International Conference on Intelligent Robots and Systems (IROS)},
  pages={2358--2364},
  year={2019},
  organization={IEEE}
}

@article{li2022online,
  title={Online trajectory replanning for sudden environmental changes during automated parking: A parallel stitching method},
  author={Li, Bai and Yin, Zhuyan and Ouyang, Yakun and Zhang, Youmin and Zhong, Xiang and Tang, Shiqi},
  journal={IEEE Transactions on Intelligent Vehicles},
  volume={7},
  number={3},
  pages={748--757},
  year={2022},
  publisher={IEEE}
}



@inproceedings{kim2013topological,
  title={Topological exploration of unknown and partially known environments},
  author={Kim, Soonkyum and Bhattacharya, Subhrajit and Ghrist, Robert and Kumar, Vijay},
  booktitle={2013 IEEE/RSJ international conference on intelligent robots and systems},
  pages={3851--3858},
  year={2013},
  organization={IEEE}
}





